@book{McNamee,
  language = { english },
  title = {  Numerical methods for roots of polynomials 1 },
  author = {J.M. McNamee},
  year = { 2007 },
}

@article{bal2,
  language = { english },
  title = { Triangular Witt Groups. Part II: From Usual To Derived },
  author = { P. Balmer },
	journal = { Math. Zeitschr. },
	volume = {236},
	pages = {351 -- 382},
  year = { 2001 },
}

@article{nen,
  language = { english },
  title = { Projective push-forwards in the Witt theory of algebraic varieties },
  author = { A. Nenashev },
  year = { 2007 },
}

@article{an,
  language = { russian },
  title = { Îáîáùåíèå îäíîé òåîðåìû Êîëü¸-Òåëåíà è Ñàíñþêà î ãëàâíûõ $T$-ðàññëîåíèÿõ },
  author = {Àíàíüåâñêèé, À. Ñ. },
  year = { 2010 },
}
@article{oj,
  language = { english },
  title = { Quadratic forms over local rings },
  author = {  Ojanguren, M. },
	journal = { J. Indian Math. Soc. },
  year = { 1980 },
	volume = { 44 },
  pages = { 109 -- 116 }
  
}

@article{witt,
  language = { english },
  title = { Theorie der quadratischen Formen in beliebigen K\"orpern },
  author = { Witt, E. },
	journal = { J. Reine angew. Math },
  year = { 1936 },
	volume = { 176 },
  pages = { 31 -- 44 },
  
}


@article{sch,
  language = { english },
  title = { Symmetric bilinear forms over algebraic varieties },
  author = { Knebush, M. },
	journal = { In: Conf. on quadratic forms, Kingston 1976, Queen's papers on pure and applied mathematics },
  year = { 1977 },
	volume = { 44 },
  pages = { 103 -- 283 },
  
}

@article{mult,
  language = { english },
  title = { Pairings in triangular Witt theory },
  author = { Gille, S. and Nenashev, A. },
	journal = { Journal of Algebra },
  year = { 2003 },
	volume = { 261 },
  pages = { 292 - 309 },
}

@article{PaOj,
  language = { english },
  title = { A purity theorem for the Witt group },
  author = { Ojanguren, M. and Panin, I.},
	journal = { Annales Scientifiques de l'\'Ecole Normale Sup\'erieure },
  year = { 1999 },
	volume = { 32 },
  pages = { 71 -- 86 },
  
}

@article{AltKl,
  language = { english },
  title = { Introduction to Grothendick duality theory },
  author = { Altman, A. and Kleiman, S.},
	journal = { Springer Verlag, Lecture Notes in Mathematics },
  year = { 1970 },
	volume = { 146 },
}

@article{Eisen,
  language = { english },
  title = { Commutatative Algebra with a View toward Algebraic Geometry },
	journal = { Graduate Texts in Mathematics },
	volume = {150},
	publishing = { Springer },
  author = { Eisenbud D.},
  year = { 1995 },
}


@book{AHU,
  language = { english },
  title = {The design and analysis of computer algorithms},
  publishing = { Addison-Wesley Pub. Co },
  author = { Aho Alfred; Hopcroft John; Ullman Jeffrey},
  year = { 1974 },
}